%*************************************************************
% ARTICLES
%*************************************************************
@article{ kelleher:lowering_barriers,
	author = {Kelleher, Caitlin and Pausch, Randy},
	title = {Lowering the Barriers to Programming: A Taxonomy of Programming Environments and Languages for Novice Programmers},
	journal = {ACM Comput. Surv.},
	issue_date = {June 2005},
	volume = {37},
	number = {2},
	month = jun,
	year = {2005},
	issn = {0360-0300},
	pages = {83--137},
	numpages = {55},
	url = {http://doi.acm.org/10.1145/1089733.1089734},
	doi = {10.1145/1089733.1089734},
	acmid = {1089734},
	publisher = {ACM},
}

@article{ gee:learning_machines,
	title = 		{Learning by Design: good video games as learning machines},
	author = 		"James P. Gee",
	journal =		"E-learning",
	pages =			5-16,
	volume =		2,
	number =		1,
	year =			2005,
	issn =			"1741-8887",
}

@article{ gee:good_video_games,
	title = 		{Good Video Games and Good Learning},
	author = 		"James P. Gee",
	journal =		"Phi Kappa Phi Forum",
	pages =			5-16,
	number =		2,
	year =			2005,
}

@article{ esper:design_quests_java_concepts,
	title = {Codespells: How to Design Quests to Teach Java Concepts},
	author = {Esper, Sarah and Wood, Samantha R. and Foster, Stephen R. and Lerner, Sorin and Griswold, William G.},
	journal = {J. Comput. Sci. Coll.},
	issue_date = {April 2014},
	volume = {29},
	number = {4},
	month = apr,
	year = {2014},
	issn = {1937-4771},
	pages = {114--122},
	numpages = {9},
	url = {http://dl.acm.org/citation.cfm?id=2591468.2591490},
	acmid = {2591490},
	publisher = {Consortium for Computing Sciences in Colleges},
}

@article{ grabler:photo_tutorials,
 author = {Grabler, Floraine and Agrawala, Maneesh and Li, Wilmot and Dontcheva, Mira and Igarashi, Takeo},
 title = {Generating Photo Manipulation Tutorials by Demonstration},
 journal = {ACM Trans. Graph.},
 issue_date = {August 2009},
 volume = {28},
 number = {3},
 month = jul,
 year = {2009},
 issn = {0730-0301},
 pages = {66:1--66:9},
 articleno = {66},
 numpages = {9},
 url = {http://doi.acm.org/10.1145/1531326.1531372},
 doi = {10.1145/1531326.1531372},
 acmid = {1531372},
 publisher = {ACM},
}

%*************************************************************
% TECHREPORTS
%*************************************************************
@techreport{ morrison:animation,
	title = 		{Animation: Does It Facilitate Learning?},
	author = 		"Julie B. Morrison and Barbara Tversky and Mireille Betrancourt",
	institution =	"AAAI",
	year =			2000,
	note = 			"\url{http://www.aaai.org/Papers/Symposia/Spring/2000/SS-00-04/SS00-04-009.pdf}, retrieved 2014-04-28",
}

@techreport{ roberts:karel_the_robot,
	title = 		{Karel the Robot Learns Java},
	author = 		"Eric Roberts",
	institution =	"Stanford University, Department of Computer Science",
	year =			2005,
	note = 			"\url{http://people.reed.edu/~jerry/121/materials/karellearnsjava.pdf}, retrieved 2014-04-28",
}

%*************************************************************
% WEBSITES
%*************************************************************




%*************************************************************
% BOOKS
%*************************************************************
@incollection{ gee:game_like_learning,
	title = 		{Game-Like Learning},
	author = 		"James P. Gee",
	editor =		"Pamela A. Moss and Diana C. Pulling and James P. Gee and Edward H. Haertel and Lauren J. Young",
	booktitle = 	{Assessment, Equity, and Opportunity to Learn},
	year = 			"2008",
	pages =			200--221,
	publisher = 	"Cambridge University Press",
}

@book{ gee:video_games_learning,
  title =			{What Video Games Have to Teach Us About Learning and Literacy. Second Edition: Revised and Updated Edition},
  author =			{Gee, James P.},
  isbn =			{9781403984531},
  lccn =			{2002038153},
  url =				{http://books.google.no/books?id=vc1VkXUXTaYC},
  year =			{2007},
  publisher =		{Palgrave Macmillan},
}



%*************************************************************
% INPROCEEDINGS
%*************************************************************

@inproceedings{ bonawitz:double_edged_pedagogy,
	title = 		{The Double-edged Sword of Pedagogy: Modeling the Effect of Pedagogical Contexts on Preschoolers' Exploratory Play},
	author =     	"Elizabeth Bonawitz and Patrick Shafto and Hyowon Gweon and Isabel Chang and Sydney Katz and Laura Schulz",
	year = 			"2009",
	booktitle = 	"Proceedings of the Thirty-first Cognitive Science Society",
	organization =	"Cognitive Science Society",
}

@inproceedings{ lorincz:educational_games,
	title = 		{Towards entertaining and efficient educational games},
	author =     	"Andras Lorincz and Gyongyver Molnar and Laszlo A. Jeni and Zoltan Toser and Attila Rausch and Jeffrey F. Cohn",
	year = 			"2013",
	booktitle = 	"NIPS Workshop on Data Driven Education (2013)",
	organization =	"NIPS",
}

@inproceedings{ grossman:software_learnability,
	title = 		{A survey of software learnability: metrics, methodologies and guidelines},
	author =     	"Tovi Grossman and George Fitzmaurice and Ramtin Attar",
	year = 			"2009",
	booktitle = 	"CHI '09: Proceedings of the SIGCHI Conference on Human Factors in Computing Systems",
	organization =	"ACM",
	pages =			649--658,
}

@inproceedings{ xiao:be_quiet,
    title = 		{Be Quiet? Evaluating Proactive and Reactive User Interface Assistants},
    author = 		"Jun Xiao and Richard Catrambone and John Stasko",
    booktitle = 	"Proceedings of INTERACT 2003",
    year = 			"2003",
    pages = 		383--390,
    publisher = 	"Press",
}

@inproceedings{ andersen:tutorials_impact,
	title = {The Impact of Tutorials on Games of Varying Complexity},
	author = {Andersen, Erik and O'Rourke, Eleanor and Liu, Yun-En and Snider, Rich and Lowdermilk, Jeff and Truong, David and Cooper, Seth and Popovic, Zoran},
	booktitle = {Proceedings of the SIGCHI Conference on Human Factors in Computing Systems},
	series = {CHI '12},
	year = {2012},
	isbn = {978-1-4503-1015-4},
	pages = {59--68},
	numpages = {10},
	url = {http://doi.acm.org/10.1145/2207676.2207687},
	doi = {10.1145/2207676.2207687},
	acmid = {2207687},
	publisher = {ACM},
} 

@inproceedings{ kelleher:stencils,
	title = {Stencils-based Tutorials: Design and Evaluation},
	author = {Kelleher, Caitlin and Pausch, Randy},
	booktitle = {Proceedings of the SIGCHI Conference on Human Factors in Computing Systems},
	series = {CHI '05},
	year = {2005},
	isbn = {1-58113-998-5},
	pages = {541--550},
	numpages = {10},
	url = {http://doi.acm.org/10.1145/1054972.1055047},	
 	doi = {10.1145/1054972.1055047},
	acmid = {1055047},
	publisher = {ACM},
} 

@inproceedings{ huang:graphstract,
 author = {Huang, Jeff and Twidale, Michael B.},
 title = {Graphstract: Minimal Graphical Help for Computers},
 booktitle = {Proceedings of the 20th Annual ACM Symposium on User Interface Software and Technology},
 series = {UIST '07},
 year = {2007},
 isbn = {978-1-59593-679-0},
 pages = {203--212},
 numpages = {10},
 url = {http://doi.acm.org/10.1145/1294211.1294248},
 doi = {10.1145/1294211.1294248},
 acmid = {1294248},
 publisher = {ACM},
} 

@inproceedings{ grossman:toolclips,
 author = {Grossman, Tovi and Fitzmaurice, George},
 title = {ToolClips: An Investigation of Contextual Video Assistance for Functionality Understanding},
 booktitle = {Proceedings of the SIGCHI Conference on Human Factors in Computing Systems},
 series = {CHI '10},
 year = {2010},
 isbn = {978-1-60558-929-9},
 pages = {1515--1524},
 numpages = {10},
 url = {http://doi.acm.org/10.1145/1753326.1753552},
 doi = {10.1145/1753326.1753552},
 acmid = {1753552},
 publisher = {ACM},
} 

@inproceedings{ bergman:docwizards,
 author = {Bergman, Lawrence and Castelli, Vittorio and Lau, Tessa and Oblinger, Daniel},
 title = {DocWizards: A System for Authoring Follow-me Documentation Wizards},
 booktitle = {Proceedings of the 18th Annual ACM Symposium on User Interface Software and Technology},
 series = {UIST '05},
 year = {2005},
 isbn = {1-59593-271-2},
 pages = {191--200},
 numpages = {10},
 url = {http://doi.acm.org/10.1145/1095034.1095067},
 doi = {10.1145/1095034.1095067},
 acmid = {1095067},
 publisher = {ACM},
} 

%*************************************************************
% PROCEEDINGS
%*************************************************************

@proceedings{ conference:system_analysis_modeling,
	title = 		"System {A}nalysis and {M}odeling: {A}bout {M}odels",
	editor =     	"Frank A. Kraemer and Peter Herrmann",
	year = 			"2010",
	organization = 	"6th International Workshop",
	publisher =		"Springer",
	month = 		"October",
}

%*************************************************************
% PHDTHESIS
%*************************************************************

@phdthesis{ phd:frank,
	title = 		"Engineering {R}eactive {S}ystems: {A} {C}ompositional and {M}odel-{D}riven {M}ethod {B}ased on {C}ollaborative {B}uilding {B}locks",
	author =     	"Frank A. Kraemer",
	year = 			"2008",
	school = 		"Norwegian University of Science and Technology (NTNU)",
}
